@misc{neystadt2009,
  author       = {Neystadt, J.},
  title        = {Automated penetration testing with white-box fuzzing},
  year         = {2009},
  howpublished = {Microsoft Learn},
  note         = {Available at: \url{https://learn.microsoft.com/en-us/previous-versions/software-testing/cc162782(v=msdn.10)?redirectedfrom=MSDN} (Accessed: 28 September 2024)}
}

@ARTICLE{8839290,
  author={Pham, Van-Thuan and Böhme, Marcel and Santosa, Andrew E. and Căciulescu, Alexandru Răzvan and Roychoudhury, Abhik},
  journal={IEEE Transactions on Software Engineering}, 
  title={Smart Greybox Fuzzing}, 
  year={2021},
  volume={47},
  number={9},
  pages={1980-1997},
  keywords={Fuzzing;Computer bugs;Libraries;Tools;Dictionaries;Open area test sites;Schedules;Vulnerability detection;smart fuzzing;automated testing;file format;grammar;input structure},
  doi={10.1109/TSE.2019.2941681}}
